@article{sasireka2014applications,
  title={Applications of dominating set of a graph in computer networks},
  author={Sasireka, A and Kishore, AH Nandhu},
  journal={Int. J. Eng. Sci. Res. Technol},
  volume={3},
  number={1},
  pages={170--173},
  year={2014},
  publisher={Citeseer}
}